@book{1975_brooks,
    title={The~Mythical~Man-Month},
    author={F.~Brooks},
    year={1975},
    url={https://en.wikipedia.org/wiki/The_Mythical_Man-Month},
    publisher={Addison-Wesley},
    annote={A classic guide to project management. Project management is a learnable skill relevant to every bureaucrat.},
    NOT_A_KEY={
    see also
     https://hn.algolia.com/?q=mythical+man
     https://news.ycombinator.com/item?id=3146921
    }
}